date,sales
1/6/2003,5151
1/6/2003,3390
1/6/2003,1903
1/6/2003,1689
1/9/2003,3782
1/9/2003,3773
1/9/2003,1404
1/9/2003,2473
1/10/2003,4808
1/10/2003,2056
1/29/2003,5405
1/29/2003,5398
1/29/2003,4461
1/29/2003,3395
1/29/2003,3920
1/29/2003,4228
1/29/2003,3680
1/29/2003,3224
1/29/2003,3403
1/29/2003,4792
1/29/2003,1190
1/29/2003,2243
1/29/2003,2011
1/29/2003,2540
1/29/2003,1939
1/29/2003,2873
1/31/2003,5959
1/31/2003,3458
1/31/2003,4557
1/31/2003,5349
1/31/2003,3228
1/31/2003,4616
1/31/2003,3773
1/31/2003,3705
1/31/2003,1942
1/31/2003,1742
1/31/2003,2922
1/31/2003,1706
1/31/2003,1667
2/11/2003,7208
2/11/2003,8690
2/11/2003,4566
2/11/2003,6341
2/11/2003,3164
2/11/2003,4330
2/11/2003,3065
2/11/2003,3383
2/11/2003,3194
2/11/2003,3984
2/11/2003,2897
2/11/2003,2034
2/11/2003,2039
2/11/2003,2556
2/11/2003,1420
2/17/2003,5279
2/17/2003,3073
2/17/2003,3659
2/17/2003,3242
2/17/2003,3313
2/17/2003,3763
2/17/2003,3987
2/17/2003,3274
2/17/2003,3421
2/17/2003,3177
2/17/2003,4775
2/17/2003,2482
2/17/2003,1658
2/17/2003,2949
2/17/2003,2527
2/17/2003,1631
2/17/2003,2406
2/17/2003,1566
2/24/2003,3896
2/24/2003,6066
2/24/2003,3037
2/24/2003,3155
2/24/2003,2871
2/24/2003,2055
2/24/2003,2846
2/24/2003,1858
3/3/2003,5265
3/3/2003,6130
3/3/2003,3486
3/3/2003,3731
3/3/2003,3131
3/3/2003,4050
3/3/2003,5565
3/3/2003,5449
3/3/2003,3670
3/3/2003,1777
3/3/2003,1892
3/3/2003,2130
3/3/2003,2914
3/3/2003,2060
3/3/2003,1173
3/3/2003,2822
3/10/2003,8257
3/10/2003,4379
3/10/2003,4433
3/10/2003,3157
3/10/2003,6242
3/10/2003,931
3/18/2003,5433
3/18/2003,3069
3/18/2003,3360
3/18/2003,5942
3/18/2003,3724
3/18/2003,6069
3/18/2003,3860
3/18/2003,5074
3/18/2003,2574
3/18/2003,1722
3/18/2003,1988
3/18/2003,1608
3/18/2003,2500
3/18/2003,710
3/18/2003,1730
3/18/2003,1655
3/24/2003,7209
3/24/2003,2540
3/25/2003,3289
3/25/2003,4818
3/25/2003,4179
3/25/2003,2355
3/25/2003,1801
3/25/2003,2254
3/26/2003,3415
3/26/2003,4917
3/26/2003,1576
3/26/2003,2491
4/1/2003,8209
4/1/2003,4305
4/1/2003,4758
4/1/2003,4164
4/1/2003,3090
4/1/2003,4815
4/1/2003,3668
4/1/2003,721
4/1/2003,2925
4/1/2003,1560
4/4/2003,7381
4/4/2003,3260
4/4/2003,5569
4/4/2003,5724
4/4/2003,2844
4/11/2003,1711
4/16/2003,6034
4/16/2003,5912
4/16/2003,5938
4/16/2003,5190
4/16/2003,3028
4/16/2003,3754
4/16/2003,3551
4/16/2003,2781
4/16/2003,2184
4/16/2003,2012
4/16/2003,1033
4/16/2003,2241
4/21/2003,4219
4/28/2003,5005
4/28/2003,6916
4/28/2003,3067
4/28/2003,3170
4/28/2003,2444
4/28/2003,1968
4/28/2003,1540
4/28/2003,1349
4/28/2003,1879
4/28/2003,1917
4/28/2003,2730
4/28/2003,2499
4/28/2003,2687
4/28/2003,1460
4/29/2003,3432
4/29/2003,4652
4/29/2003,3864
4/29/2003,3417
4/29/2003,3268
4/29/2003,2794
4/29/2003,2675
4/29/2003,2849
4/29/2003,2461
4/29/2003,2082
4/29/2003,2479
4/29/2003,2585
4/29/2003,2095
4/29/2003,2480
4/29/2003,9265
5/7/2003,8284
5/7/2003,3293
5/7/2003,2766
5/7/2003,2460
5/7/2003,2169
5/8/2003,7600
5/8/2003,3693
5/8/2003,5005
5/8/2003,3112
5/8/2003,4101
5/8/2003,3599
5/8/2003,3583
5/8/2003,5495
5/8/2003,2043
5/8/2003,2142
5/8/2003,1537
5/8/2003,2469
5/8/2003,1207
5/8/2003,1707
5/8/2003,2063
5/8/2003,1741
5/8/2003,1384
5/20/2003,3074
5/20/2003,5161
5/20/2003,5332
5/20/2003,2994
5/21/2003,3255
5/21/2003,6483
5/21/2003,4069
5/21/2003,5203
5/21/2003,4432
5/21/2003,3081
5/21/2003,1328
5/21/2003,1714
5/21/2003,2326
5/21/2003,2349
5/21/2003,2856
5/21/2003,2263
5/21/2003,1703
5/21/2003,996
5/21/2003,1529
5/28/2003,7329
5/28/2003,7083
5/28/2003,3348
5/28/2003,4597
5/28/2003,3857
5/28/2003,3416
5/28/2003,4141
5/28/2003,3390
5/28/2003,3129
5/28/2003,3576
5/28/2003,2440
5/28/2003,2796
5/28/2003,1630
5/28/2003,2310
5/28/2003,2795
5/28/2003,2922
5/28/2003,2315
6/3/2003,11279
6/3/2003,7366
6/3/2003,8139
6/3/2003,7147
6/3/2003,3837
6/3/2003,3447
6/3/2003,3180
6/3/2003,6296
6/3/2003,6176
6/3/2003,1214
6/3/2003,1489
6/3/2003,1940
6/3/2003,2054
6/3/2003,2560
6/3/2003,2338
6/6/2003,3104
6/6/2003,4837
6/6/2003,5544
6/6/2003,3963
6/12/2003,4398
6/12/2003,6028
6/12/2003,3838
6/12/2003,3828
6/12/2003,3883
6/12/2003,3900
6/12/2003,1860
6/12/2003,2562
6/12/2003,2079
6/16/2003,4095
6/16/2003,4428
6/16/2003,3854
6/16/2003,3424
6/16/2003,2782
6/16/2003,2350
6/16/2003,2213
6/16/2003,876
6/16/2003,1892
6/16/2003,1716
6/27/2003,3394
6/27/2003,3858
6/27/2003,3566
6/27/2003,2642
6/27/2003,1863
6/27/2003,2691
6/27/2003,2798
6/27/2003,1355
7/1/2003,7024
7/1/2003,3884
7/1/2003,3308
7/1/2003,3274
7/1/2003,3570
7/1/2003,2711
7/1/2003,1853
7/2/2003,8009
7/2/2003,6032
7/2/2003,3807
7/2/2003,3510
7/2/2003,5433
7/2/2003,4705
7/2/2003,6336
7/2/2003,4224
7/2/2003,1800
7/2/2003,2839
7/2/2003,717
7/2/2003,1786
7/2/2003,2008
7/2/2003,2266
7/2/2003,1788
7/2/2003,1328
7/2/2003,2694
7/4/2003,8332
7/4/2003,3645
7/4/2003,5275
7/10/2003,4380
7/10/2003,4347
7/10/2003,5124
7/10/2003,1295
7/16/2003,3185
7/16/2003,5546
7/16/2003,3095
7/16/2003,3276
7/16/2003,2113
7/16/2003,1424
7/16/2003,1801
7/16/2003,7956
7/24/2003,7374
7/24/2003,3188
7/24/2003,4115
7/24/2003,4830
7/24/2003,4181
7/24/2003,4601
7/24/2003,5105
7/24/2003,2852
7/24/2003,2830
7/24/2003,1701
7/24/2003,1255
8/1/2003,5939
8/1/2003,4837
8/1/2003,3785
8/1/2003,6288
8/1/2003,5500
8/1/2003,1087
8/1/2003,891
8/1/2003,2140
8/1/2003,1104
8/8/2003,8023
8/8/2003,9471
8/8/2003,4986
8/8/2003,3792
8/8/2003,3366
8/8/2003,3612
8/8/2003,3246
8/8/2003,3132
8/8/2003,6034
8/8/2003,4814
8/8/2003,2624
8/8/2003,2335
8/8/2003,1725
8/8/2003,2152
8/8/2003,2091
8/8/2003,1685
8/10/2003,5598
8/10/2003,5248
8/10/2003,3946
8/10/2003,3443
8/10/2003,3456
8/10/2003,1646
8/10/2003,1853
8/10/2003,2152
8/10/2003,2688
8/10/2003,2920
8/10/2003,1874
8/10/2003,2612
8/10/2003,2644
8/10/2003,2560
8/10/2003,1852
8/10/2003,1246
8/13/2003,1637
8/25/2003,8340
8/25/2003,3747
8/25/2003,5193
8/25/2003,5176
8/25/2003,4119
8/25/2003,3902
8/25/2003,3099
8/25/2003,3251
8/25/2003,3092
8/25/2003,3502
8/25/2003,1490
8/25/2003,1646
8/25/2003,1110
8/25/2003,2560
8/25/2003,2797
8/25/2003,2753
9/3/2003,4445
9/3/2003,3156
9/5/2003,9246
9/5/2003,3495
9/5/2003,3230
9/5/2003,3097
9/5/2003,4405
9/5/2003,1341
9/5/2003,2142
9/5/2003,1067
9/5/2003,2057
9/5/2003,2907
9/5/2003,2005
9/11/2003,5849
9/11/2003,4232
9/11/2003,3528
9/11/2003,5419
9/11/2003,3639
9/11/2003,4392
9/11/2003,3470
9/11/2003,3598
9/11/2003,2702
9/11/2003,2356
9/11/2003,1507
9/11/2003,2672
9/11/2003,1546
9/11/2003,2282
9/12/2003,5908
9/12/2003,5375
9/12/2003,4950
9/12/2003,4231
9/12/2003,3959
9/12/2003,1747
9/12/2003,1497
9/12/2003,1195
9/12/2003,2415
9/12/2003,1013
9/12/2003,1811
9/19/2003,10994
9/19/2003,3191
9/19/2003,4100
9/19/2003,4641
9/19/2003,6467
9/19/2003,4285
9/19/2003,2104
9/19/2003,2851
9/19/2003,1499
9/19/2003,2804
9/19/2003,1283
9/21/2003,7111
9/21/2003,3734
9/21/2003,3328
9/21/2003,5413
9/21/2003,5099
9/21/2003,3069
9/21/2003,3220
9/21/2003,1209
9/21/2003,2702
9/21/2003,2618
9/25/2003,4524
9/25/2003,1633
9/25/2003,2802
9/25/2003,1681
9/28/2003,7037
9/28/2003,4904
9/28/2003,5394
9/28/2003,5456
9/28/2003,4408
9/28/2003,3003
9/28/2003,3642
9/28/2003,2781
9/28/2003,2712
9/28/2003,2205
9/28/2003,2573
9/28/2003,1780
9/28/2003,1834
10/2/2003,2316
10/2/2003,2826
10/4/2003,5522
10/4/2003,3985
10/4/2003,3788
10/4/2003,3861
10/4/2003,3786
10/4/2003,1685
10/4/2003,2808
10/4/2003,1822
10/5/2003,7488
10/5/2003,7724
10/5/2003,5918
10/5/2003,3425
10/5/2003,3223
10/5/2003,4012
10/5/2003,6447
10/5/2003,1945
10/5/2003,1129
10/5/2003,1649
10/5/2003,2120
10/6/2003,7310
10/6/2003,4526
10/6/2003,5299
10/6/2003,5549
10/6/2003,3575
10/6/2003,6531
10/6/2003,3393
10/6/2003,3715
10/6/2003,3778
10/6/2003,3482
10/6/2003,3623
10/6/2003,3392
10/6/2003,1672
10/6/2003,1670
10/6/2003,2353
10/6/2003,1671
10/6/2003,2926
10/6/2003,1900
10/6/2003,2513
10/8/2003,4954
10/8/2003,820
10/10/2003,1475
10/10/2003,8296
10/10/2003,3638
10/10/2003,4619
10/10/2003,3490
10/10/2003,5205
10/10/2003,5017
10/10/2003,4133
10/10/2003,6239
10/10/2003,5356
10/10/2003,1762
10/10/2003,1705
10/10/2003,1543
10/10/2003,2162
10/10/2003,1358
10/10/2003,2169
10/10/2003,1239
10/10/2003,2347
10/10/2003,2220
10/11/2003,5294
10/11/2003,5182
10/11/2003,3365
10/11/2003,3996
10/11/2003,4768
10/11/2003,1554
10/17/2003,3765
10/17/2003,6154
10/17/2003,6145
10/17/2003,3188
10/17/2003,5544
10/17/2003,3148
10/17/2003,2014
10/17/2003,2692
10/17/2003,1227
10/17/2003,2145
10/17/2003,2760
10/17/2003,1541
10/18/2003,7209
10/18/2003,4389
10/18/2003,5177
10/18/2003,4300
10/18/2003,3912
10/18/2003,2304
10/18/2003,1880
10/18/2003,1007
10/18/2003,1560
10/18/2003,1442
10/20/2003,4860
10/20/2003,3329
10/20/2003,3358
10/20/2003,4901
10/20/2003,4991
10/20/2003,3845
10/21/2003,3537
10/21/2003,3195
10/21/2003,6563
10/21/2003,3570
10/21/2003,5013
10/21/2003,2635
10/21/2003,2692
10/21/2003,1346
10/21/2003,3014
10/21/2003,6931
10/21/2003,1917
10/22/2003,8595
10/22/2003,8755
10/22/2003,4880
10/22/2003,5559
10/22/2003,5033
10/22/2003,3338
10/22/2003,5345
10/22/2003,6826
10/22/2003,5984
10/22/2003,4662
10/22/2003,4556
10/22/2003,1734
10/22/2003,859
10/22/2003,2385
10/22/2003,2351
10/22/2003,2538
10/22/2003,2204
10/22/2003,2208
10/23/2003,5924
10/23/2003,5764
10/23/2003,3364
10/23/2003,3812
10/23/2003,3240
10/23/2003,3225
10/23/2003,3003
10/23/2003,3600
10/23/2003,1467
10/23/2003,1668
10/23/2003,2940
10/23/2003,2813
10/23/2003,1846
10/23/2003,1593
10/23/2003,2020
10/23/2003,2432
10/28/2003,3480
10/28/2003,3661
10/28/2003,4183
10/28/2003,5748
10/28/2003,3244
10/28/2003,6434
10/28/2003,3756
10/28/2003,3431
10/28/2003,4528
10/28/2003,4608
10/28/2003,3233
10/28/2003,2814
10/28/2003,2187
10/28/2003,1490
10/28/2003,1972
10/28/2003,2762
10/28/2003,2282
10/28/2003,2493
11/4/2003,5020
11/4/2003,4445
11/4/2003,4910
11/4/2003,4639
11/4/2003,3921
11/4/2003,3866
11/4/2003,2298
11/4/2003,2264
11/4/2003,1707
11/4/2003,2270
11/4/2003,2599
11/4/2003,2816
11/4/2003,1036
11/4/2003,5465
11/4/2003,4391
11/4/2003,3820
11/4/2003,1263
11/5/2003,5036
11/5/2003,3509
11/5/2003,4493
11/5/2003,3453
11/5/2003,2807
11/5/2003,2728
11/5/2003,2122
11/5/2003,1495
11/5/2003,1504
11/5/2003,2759
11/5/2003,2762
11/5/2003,1585
11/5/2003,977
11/5/2003,1113
11/5/2003,1163
11/5/2003,2571
11/5/2003,4508
11/5/2003,4965
11/5/2003,4680
11/5/2003,6023
11/5/2003,5481
11/5/2003,5493
11/5/2003,2422
11/5/2003,1454
11/5/2003,1639
11/5/2003,1278
11/5/2003,1952
11/5/2003,2167
11/6/2003,6817
11/6/2003,4480
11/6/2003,5592
11/6/2003,2194
11/6/2003,7475
11/6/2003,8379
11/6/2003,7873
11/6/2003,5363
11/6/2003,3668
11/6/2003,4420
11/6/2003,5532
11/6/2003,3611
11/6/2003,3543
11/6/2003,5891
11/6/2003,5122
11/6/2003,3166
11/6/2003,3115
11/6/2003,1857
11/6/2003,1151
11/6/2003,2916
11/6/2003,1408
11/6/2003,2449
11/6/2003,2840
11/6/2003,2970
11/6/2003,2437
11/6/2003,2174
11/6/2003,8015
11/7/2003,6083
11/7/2003,4055
11/7/2003,3071
11/7/2003,3676
11/7/2003,3266
11/7/2003,1824
11/7/2003,2739
11/7/2003,2452
11/7/2003,2526
11/7/2003,2009
11/7/2003,2611
11/8/2003,3492
11/8/2003,6491
11/8/2003,3431
11/8/2003,3351
11/8/2003,3293
11/8/2003,5387
11/8/2003,2749
11/8/2003,2170
11/8/2003,1931
11/8/2003,2302
11/8/2003,1988
11/8/2003,1515
11/11/2003,8893
11/11/2003,5565
11/11/2003,4696
11/11/2003,6748
11/11/2003,5355
11/11/2003,1992
11/11/2003,2498
11/11/2003,1605
11/11/2003,1058
11/11/2003,1919
11/11/2003,2521
11/11/2003,1546
11/11/2003,2515
11/11/2003,1965
11/12/2003,5411
11/12/2003,4477
11/12/2003,5418
11/12/2003,5436
11/12/2003,3286
11/12/2003,3885
11/12/2003,6325
11/12/2003,3395
11/12/2003,5785
11/12/2003,3862
11/12/2003,2861
11/12/2003,1628
11/12/2003,1626
11/12/2003,2485
11/12/2003,1830
11/12/2003,1579
11/12/2003,1507
11/12/2003,7555
11/12/2003,3073
11/12/2003,3488
11/12/2003,3108
11/12/2003,6244
11/12/2003,3048
11/12/2003,3943
11/12/2003,2650
11/12/2003,2396
11/12/2003,2183
11/12/2003,1742
11/12/2003,2324
11/12/2003,2212
11/12/2003,2848
11/12/2003,1437
11/12/2003,1139
11/12/2003,972
11/13/2003,5373
11/13/2003,3433
11/13/2003,6164
11/13/2003,3167
11/13/2003,3299
11/13/2003,5035
11/13/2003,2001
11/13/2003,2034
11/13/2003,2441
11/13/2003,2655
11/13/2003,2488
11/13/2003,1972
11/14/2003,7381
11/14/2003,3854
11/14/2003,4410
11/14/2003,5796
11/14/2003,6005
11/14/2003,4516
11/14/2003,5984
11/14/2003,3496
11/14/2003,4607
11/14/2003,4948
11/14/2003,4919
11/14/2003,3079
11/14/2003,1863
11/14/2003,1336
11/14/2003,1522
11/14/2003,1460
11/14/2003,2863
11/14/2003,2390
11/14/2003,2446
11/14/2003,2647
11/14/2003,2071
11/14/2003,1450
11/14/2003,7886
11/14/2003,3884
11/14/2003,4038
11/14/2003,5097
11/14/2003,3171
11/14/2003,3892
11/14/2003,3953
11/14/2003,3442
11/14/2003,3630
11/14/2003,1134
11/14/2003,2832
11/14/2003,2255
11/14/2003,1748
11/14/2003,1804
11/14/2003,972
11/14/2003,2454
11/18/2003,8715
11/18/2003,5512
11/18/2003,3661
11/18/2003,3656
11/18/2003,4351
11/18/2003,3957
11/18/2003,2093
11/18/2003,2536
11/18/2003,4512
11/19/2003,3200
11/19/2003,3600
11/19/2003,1518
11/19/2003,2669
11/20/2003,3841
11/20/2003,5590
11/20/2003,3416
11/20/2003,3415
11/20/2003,4238
11/20/2003,3128
11/20/2003,1939
11/20/2003,2880
11/20/2003,2917
11/20/2003,7421
11/20/2003,3545
11/20/2003,3301
11/20/2003,4258
11/20/2003,4089
11/20/2003,4966
11/20/2003,3918
11/20/2003,5341
11/20/2003,3846
11/20/2003,3052
11/20/2003,5566
11/20/2003,6319
11/20/2003,2583
11/20/2003,2530
11/20/2003,918
11/20/2003,2329
11/21/2003,3107
11/21/2003,3142
11/21/2003,4643
11/21/2003,3675
11/21/2003,1907
11/21/2003,2455
11/21/2003,2492
11/21/2003,2610
11/21/2003,1244
11/21/2003,2770
11/21/2003,2540
11/21/2003,2341
11/21/2003,759
11/21/2003,1012
11/21/2003,903
11/21/2003,2279
11/25/2003,7290
11/25/2003,4264
11/25/2003,4934
11/25/2003,3172
11/25/2003,4262
11/25/2003,5761
11/25/2003,3599
11/25/2003,2314
11/25/2003,1960
11/25/2003,2143
11/25/2003,1836
11/25/2003,7621
11/25/2003,5128
11/25/2003,3700
11/25/2003,6445
11/25/2003,3608
11/25/2003,5161
11/25/2003,2925
11/25/2003,905
11/25/2003,1804
11/25/2003,1385
11/26/2003,5324
11/26/2003,4036
11/26/2003,4535
11/26/2003,3940
11/26/2003,3267
11/26/2003,5091
11/26/2003,3910
11/26/2003,1210
11/26/2003,1487
11/26/2003,2172
11/26/2003,2488
11/26/2003,2110
11/26/2003,2539
11/26/2003,1900
11/26/2003,8888
11/26/2003,7232
11/26/2003,3807
11/26/2003,4537
11/26/2003,4720
11/26/2003,3565
11/26/2003,6894
11/26/2003,2856
11/27/2003,7484
11/27/2003,3255
11/27/2003,4775
11/27/2003,2846
11/27/2003,2547
11/27/2003,1935
12/1/2003,8066
12/1/2003,3026
12/1/2003,4029
12/1/2003,4351
12/1/2003,3990
12/1/2003,3131
12/1/2003,2169
12/1/2003,1944
12/1/2003,1847
12/1/2003,1114
12/2/2003,8291
12/2/2003,3930
12/2/2003,3652
12/2/2003,5196
12/2/2003,3846
12/2/2003,5127
12/2/2003,6996
12/2/2003,2255
12/2/2003,2839
12/2/2003,777
12/2/2003,2207
12/2/2003,6182
12/2/2003,4032
12/2/2003,6433
12/2/2003,4170
12/2/2003,5736
12/2/2003,3432
12/2/2003,4527
12/2/2003,4242
12/2/2003,3185
12/2/2003,4369
12/2/2003,5891
12/2/2003,3206
12/2/2003,1249
12/2/2003,2241
12/2/2003,1643
12/2/2003,2482
12/2/2003,1296
12/3/2003,7492
12/3/2003,3736
12/3/2003,3053
12/3/2003,1189
12/3/2003,914
12/5/2003,9065
12/5/2003,3872
12/5/2003,4056
12/5/2003,3967
12/5/2003,3336
12/5/2003,3581
12/5/2003,3214
12/5/2003,2118
12/5/2003,1889
12/5/2003,2444
12/5/2003,1120
12/9/2003,7060
12/9/2003,4076
12/9/2003,3937
12/9/2003,6147
12/9/2003,3384
12/9/2003,5753
12/9/2003,6658
12/9/2003,6819
12/9/2003,3964
12/9/2003,2294
12/9/2003,1247
12/9/2003,2981
12/9/2003,2545
12/9/2003,2586
12/9/2003,1622
12/9/2003,2658
1/2/2004,8603
1/2/2004,3142
1/2/2004,3114
1/2/2004,4301
1/2/2004,3222
1/2/2004,3425
1/2/2004,4447
1/2/2004,5615
1/2/2004,3950
1/2/2004,2837
1/2/2004,2819
1/2/2004,2683
1/2/2004,1968
1/2/2004,2622
1/2/2004,1788
1/9/2004,5198
1/9/2004,3535
1/9/2004,2145
1/9/2004,2818
1/9/2004,2927
1/9/2004,2499
1/9/2004,2793
1/9/2004,1974
1/12/2004,3009
1/12/2004,6123
1/12/2004,3676
1/12/2004,5720
1/12/2004,3844
1/12/2004,1987
1/12/2004,1851
1/12/2004,2659
1/12/2004,2018
1/12/2004,2840
1/12/2004,1650
1/12/2004,2593
1/12/2004,2818
1/12/2004,2678
1/12/2004,2954
1/12/2004,2307
1/12/2004,1764
1/15/2004,7499
1/15/2004,3745
1/15/2004,5674
1/15/2004,4708
1/15/2004,4772
1/15/2004,4040
1/15/2004,3222
1/15/2004,2592
1/15/2004,2730
1/15/2004,2351
1/15/2004,2028
1/15/2004,2488
1/15/2004,2254
1/15/2004,1338
1/15/2004,1732
1/16/2004,4947
1/16/2004,4180
1/16/2004,4187
1/16/2004,4492
1/16/2004,4841
1/16/2004,4910
1/16/2004,5554
1/16/2004,6358
1/16/2004,3375
1/16/2004,3966
1/16/2004,4039
1/16/2004,6950
1/16/2004,1340
1/16/2004,2400
1/16/2004,1476
1/16/2004,2150
1/22/2004,3602
1/22/2004,2085
1/22/2004,2790
1/26/2004,9535
1/26/2004,5967
1/26/2004,3604
1/26/2004,1322
1/26/2004,684
1/26/2004,2349
1/26/2004,1535
1/29/2004,6075
1/29/2004,5152
1/29/2004,5510
1/29/2004,5285
1/29/2004,4556
1/29/2004,3532
1/29/2004,2413
1/29/2004,1423
1/29/2004,1820
1/29/2004,2083
2/2/2004,5759
2/4/2004,4509
2/4/2004,3149
2/4/2004,2728
2/4/2004,2148
2/4/2004,2245
2/4/2004,2420
2/4/2004,7020
2/10/2004,8449
2/10/2004,4892
2/10/2004,847
2/10/2004,1932
2/12/2004,7181
2/12/2004,8258
2/12/2004,4714
2/12/2004,5045
2/12/2004,5033
2/12/2004,3983
2/12/2004,1458
2/12/2004,1056
2/12/2004,2056
2/18/2004,6805
2/18/2004,4417
2/18/2004,3492
2/18/2004,2231
2/18/2004,1855
2/19/2004,5998
2/19/2004,6954
2/19/2004,3247
2/19/2004,3183
2/19/2004,4636
2/19/2004,4187
2/19/2004,3859
2/19/2004,3328
2/19/2004,3025
2/19/2004,3703
2/19/2004,2609
2/19/2004,2719
2/19/2004,1416
2/19/2004,1943
2/19/2004,2660
2/19/2004,2914
2/19/2004,2956
2/19/2004,2280
2/20/2004,3966
2/20/2004,5422
2/20/2004,4725
2/20/2004,3609
2/20/2004,3200
2/20/2004,1696
2/20/2004,2921
2/20/2004,2634
2/20/2004,2475
2/20/2004,1716
2/20/2004,2535
2/20/2004,1747
2/20/2004,1321
2/20/2004,1897
2/20/2004,9774
2/21/2004,6088
2/21/2004,3337
2/21/2004,3865
2/21/2004,2221
2/21/2004,2973
2/21/2004,1695
2/22/2004,4518
2/22/2004,4529
2/22/2004,3040
2/22/2004,6408
2/22/2004,3541
2/22/2004,4564
2/22/2004,5260
2/22/2004,4550
2/22/2004,3235
2/22/2004,2496
2/22/2004,2864
2/22/2004,2684
2/22/2004,1538
2/22/2004,1205
2/26/2004,7344
2/26/2004,4161
2/26/2004,3892
2/26/2004,3231
2/26/2004,4420
2/26/2004,1265
2/26/2004,1558
3/2/2004,7018
3/2/2004,4143
3/2/2004,4340
3/2/2004,3185
3/2/2004,3713
3/2/2004,5579
3/2/2004,3667
3/2/2004,3567
3/2/2004,2136
3/2/2004,2954
3/2/2004,1504
3/2/2004,1424
3/2/2004,1227
3/2/2004,1161
3/2/2004,1185
3/10/2004,6463
3/10/2004,3360
3/10/2004,3182
3/10/2004,3407
3/10/2004,2504
3/10/2004,2867
3/11/2004,6427
3/11/2004,4173
3/11/2004,5614
3/11/2004,3451
3/11/2004,4522
3/11/2004,3765
3/11/2004,4716
3/11/2004,5704
3/11/2004,1085
3/11/2004,1667
3/11/2004,2793
3/11/2004,1245
3/11/2004,2191
3/11/2004,1570
3/15/2004,7016
3/15/2004,7301
3/15/2004,7238
3/15/2004,4737
3/15/2004,3975
3/15/2004,1956
3/15/2004,2801
3/15/2004,2242
3/19/2004,8379
3/19/2004,6952
3/20/2004,5653
3/20/2004,4616
3/20/2004,4598
3/20/2004,3606
3/20/2004,2297
3/20/2004,2885
3/20/2004,1193
3/20/2004,2059
3/29/2004,3788
3/29/2004,2544
3/29/2004,2390
4/2/2004,4177
4/2/2004,3246
4/2/2004,3373
4/2/2004,1825
4/2/2004,2215
4/2/2004,1982
4/2/2004,2580
4/2/2004,2403
4/2/2004,2944
4/2/2004,2467
4/2/2004,2643
4/2/2004,1449
4/3/2004,3154
4/3/2004,2852
4/3/2004,1282
4/5/2004,7024
4/5/2004,4193
4/5/2004,3114
4/5/2004,2333
4/5/2004,1358
4/5/2004,2299
4/5/2004,2071
4/5/2004,1046
4/5/2004,1367
4/9/2004,5775
4/9/2004,3167
4/9/2004,6554
4/9/2004,6351
4/9/2004,1484
4/9/2004,3000
4/9/2004,2935
4/9/2004,2063
4/12/2004,7083
4/12/2004,3400
4/12/2004,4480
4/12/2004,1959
4/12/2004,891
4/13/2004,7597
4/13/2004,6853
4/13/2004,4442
4/13/2004,3788
4/13/2004,2509
4/13/2004,2010
4/13/2004,1681
4/13/2004,845
4/13/2004,2762
4/13/2004,2115
4/13/2004,2342
4/13/2004,2397
4/13/2004,5629
4/13/2004,5526
4/13/2004,5959
4/20/2004,1699
4/26/2004,6154
4/26/2004,975
4/29/2004,4685
4/29/2004,5950
4/29/2004,3526
4/29/2004,3341
4/29/2004,3036
4/29/2004,3467
4/29/2004,1164
4/29/2004,1394
4/29/2004,1765
5/4/2004,6120
5/4/2004,4592
5/4/2004,4629
5/4/2004,5920
5/4/2004,3451
5/4/2004,4134
5/4/2004,3043
5/4/2004,2390
5/4/2004,2694
5/5/2004,10606
5/5/2004,7133
5/5/2004,4381
5/5/2004,4158
5/5/2004,6549
5/5/2004,6756
5/5/2004,6311
5/5/2004,3129
5/5/2004,5070
5/5/2004,3521
5/5/2004,2314
5/5/2004,1767
5/5/2004,1988
5/5/2004,2160
5/5/2004,1860
5/5/2004,1705
5/5/2004,2928
5/7/2004,6960
5/7/2004,4157
5/7/2004,3245
5/7/2004,3163
5/7/2004,5082
5/7/2004,3803
5/7/2004,3170
5/7/2004,3054
5/7/2004,2910
5/7/2004,1554
5/7/2004,2568
5/7/2004,2428
5/7/2004,1507
5/7/2004,1755
5/8/2004,3838
5/8/2004,5601
5/8/2004,1356
5/8/2004,1844
5/8/2004,1743
5/11/2004,8160
5/11/2004,3282
5/11/2004,3002
5/11/2004,3909
5/11/2004,6056
5/11/2004,3061
5/11/2004,2803
5/11/2004,2669
5/11/2004,2748
5/11/2004,2761
5/11/2004,2832
5/11/2004,2957
5/11/2004,2363
5/11/2004,1869
5/18/2004,7078
5/18/2004,7552
5/18/2004,3189
5/18/2004,5757
5/18/2004,1774
5/18/2004,2637
5/26/2004,6750
5/26/2004,3559
5/26/2004,3318
5/26/2004,3093
5/26/2004,3476
5/26/2004,1528
5/26/2004,1638
5/26/2004,1738
5/26/2004,2832
6/1/2004,3923
6/1/2004,4911
6/1/2004,3054
6/1/2004,3375
6/1/2004,4460
6/1/2004,5177
6/1/2004,6774
6/1/2004,4029
6/1/2004,5148
6/1/2004,2403
6/1/2004,2254
6/1/2004,1930
6/1/2004,1707
6/1/2004,1264
6/4/2004,3726
6/4/2004,1691
6/8/2004,3249
6/8/2004,1501
6/14/2004,4407
6/14/2004,3138
6/14/2004,3629
6/14/2004,2632
6/14/2004,2322
6/15/2004,4033
6/15/2004,5698
6/15/2004,3658
6/15/2004,6541
6/15/2004,3380
6/15/2004,4667
6/15/2004,5286
6/15/2004,3901
6/15/2004,3055
6/15/2004,1311
6/15/2004,1030
6/15/2004,1477
6/15/2004,1753
6/15/2004,7681
6/15/2004,3641
6/15/2004,6668
6/15/2004,5453
6/15/2004,1228
6/15/2004,1257
6/17/2004,3378
6/17/2004,4513
6/17/2004,3021
6/17/2004,4072
6/17/2004,2108
6/17/2004,2204
6/17/2004,1473
6/17/2004,1791
6/17/2004,2006
6/24/2004,6568
6/24/2004,3311
6/24/2004,3361
6/24/2004,4142
6/24/2004,4103
6/24/2004,3236
6/24/2004,4273
6/24/2004,3164
6/24/2004,1611
6/24/2004,2948
6/24/2004,2995
6/24/2004,2052
6/24/2004,2487
6/24/2004,1199
6/24/2004,2698
6/24/2004,1861
6/28/2004,8337
6/28/2004,3677
6/28/2004,4472
6/28/2004,6434
6/28/2004,4308
6/28/2004,5465
6/28/2004,1998
6/28/2004,2311
6/28/2004,2477
6/28/2004,2844
6/28/2004,1808
6/30/2004,3914
6/30/2004,3331
6/30/2004,4207
6/30/2004,2411
6/30/2004,2626
6/30/2004,2409
6/30/2004,652
7/2/2004,3908
7/2/2004,8427
7/6/2004,9160
7/6/2004,4468
7/6/2004,5197
7/6/2004,6203
7/6/2004,4813
7/6/2004,5035
7/6/2004,2455
7/6/2004,2681
7/6/2004,2527
7/6/2004,2465
7/6/2004,2825
7/6/2004,1352
7/6/2004,1374
7/6/2004,2935
7/6/2004,2932
7/7/2004,3204
7/7/2004,3315
7/7/2004,4646
7/7/2004,4257
7/7/2004,5111
7/7/2004,2720
7/16/2004,4675
7/16/2004,2019
7/19/2004,4905
7/19/2004,4302
7/19/2004,4048
7/19/2004,4095
7/19/2004,4164
7/19/2004,5383
7/19/2004,4775
7/19/2004,2743
7/19/2004,1330
7/19/2004,2983
7/19/2004,2568
7/20/2004,7962
7/20/2004,9169
7/20/2004,5818
7/20/2004,4283
7/20/2004,3929
7/20/2004,3734
7/20/2004,3071
7/20/2004,3012
7/20/2004,5094
7/20/2004,5605
7/20/2004,3345
7/20/2004,2913
7/20/2004,1585
7/20/2004,2908
7/20/2004,2443
7/20/2004,1732
7/20/2004,1667
7/21/2004,3509
7/21/2004,3334
7/21/2004,3446
7/21/2004,5451
7/21/2004,5026
7/21/2004,4288
7/21/2004,3985
7/21/2004,2785
7/21/2004,1372
7/21/2004,2146
7/21/2004,2611
7/21/2004,2969
7/21/2004,1697
7/21/2004,2346
7/21/2004,2796
7/21/2004,6724
7/21/2004,2603
7/21/2004,1875
7/21/2004,2172
7/21/2004,1736
7/23/2004,4177
7/23/2004,6902
7/23/2004,3164
7/23/2004,3357
7/23/2004,4473
7/23/2004,6379
7/23/2004,3165
7/23/2004,2904
7/23/2004,2353
7/23/2004,2154
7/23/2004,2399
7/23/2004,1884
7/23/2004,2380
7/23/2004,1682
7/23/2004,2864
7/23/2004,2249
7/23/2004,1791
7/23/2004,1725
8/2/2004,9631
8/2/2004,5465
8/2/2004,3184
8/2/2004,3925
8/2/2004,5714
8/2/2004,3609
8/2/2004,5182
8/2/2004,3473
8/2/2004,4305
8/2/2004,2658
8/2/2004,1225
8/2/2004,1662
8/2/2004,988
8/2/2004,1486
8/4/2004,3128
8/6/2004,4668
8/6/2004,3754
8/6/2004,4324
8/6/2004,6401
8/6/2004,4117
8/6/2004,3160
8/6/2004,2605
8/6/2004,2635
8/6/2004,1585
8/6/2004,1206
8/9/2004,3919
8/9/2004,5581
8/9/2004,6168
8/9/2004,1575
8/9/2004,2399
8/9/2004,2345
8/17/2004,8015
8/17/2004,5240
8/17/2004,3669
8/17/2004,4751
8/17/2004,4455
8/17/2004,5126
8/17/2004,3006
8/17/2004,3474
8/17/2004,3704
8/17/2004,2800
8/17/2004,1557
8/17/2004,1574
8/17/2004,2955
8/17/2004,578
8/17/2004,2137
8/17/2004,1381
8/17/2004,1657
8/19/2004,7021
8/19/2004,4191
8/19/2004,5247
8/19/2004,5773
8/19/2004,813
8/19/2004,2321
8/19/2004,2939
8/19/2004,1674
8/19/2004,2482
8/19/2004,2780
8/19/2004,2402
8/19/2004,1711
8/19/2004,2793
8/19/2004,2634
8/20/2004,7071
8/20/2004,4365
8/20/2004,3779
8/20/2004,3239
8/20/2004,4675
8/20/2004,4797
8/20/2004,5316
8/20/2004,3540
8/20/2004,3724
8/20/2004,3091
8/20/2004,3396
8/20/2004,4175
8/20/2004,4311
8/20/2004,6696
8/20/2004,5796
8/20/2004,3581
8/20/2004,3160
8/20/2004,2992
8/20/2004,1358
8/20/2004,2477
8/20/2004,2059
8/20/2004,1883
8/20/2004,1939
8/20/2004,1694
8/20/2004,2147
8/20/2004,2471
8/20/2004,2408
8/21/2004,5748
8/21/2004,4577
8/21/2004,4093
8/21/2004,2226
8/21/2004,2311
8/21/2004,2220
8/21/2004,1175
8/21/2004,1491
8/21/2004,1995
8/21/2004,1740
8/21/2004,2061
8/21/2004,2795
8/21/2004,1714
8/27/2004,4100
8/27/2004,6485
8/27/2004,5438
8/27/2004,6864
8/27/2004,3717
8/27/2004,3659
8/27/2004,3078
8/27/2004,5393
8/27/2004,981
8/27/2004,2733
8/27/2004,2263
8/27/2004,1518
8/27/2004,2600
8/28/2004,2174
8/30/2004,3432
8/30/2004,4757
8/30/2004,6499
8/30/2004,3625
8/30/2004,3516
8/30/2004,5053
8/30/2004,5853
8/30/2004,3043
8/30/2004,6762
8/30/2004,4311
8/30/2004,4300
8/30/2004,4297
8/30/2004,3525
8/30/2004,2847
8/30/2004,2675
8/30/2004,1427
8/30/2004,1359
9/1/2004,6539
9/1/2004,4873
9/1/2004,5875
9/1/2004,3823
9/1/2004,2937
9/1/2004,1688
9/1/2004,2381
9/1/2004,2616
9/1/2004,2830
9/1/2004,2329
9/1/2004,1729
9/1/2004,2835
9/1/2004,1107
9/1/2004,1340
9/3/2004,8272
9/3/2004,4568
9/3/2004,1346
9/3/2004,2177
9/7/2004,5171
9/7/2004,2502
9/8/2004,7136
9/8/2004,3856
9/8/2004,3257
9/8/2004,6388
9/8/2004,4688
9/8/2004,5289
9/8/2004,5398
9/8/2004,5714
9/8/2004,1501
9/8/2004,2179
9/8/2004,2296
9/8/2004,1872
9/8/2004,2866
9/8/2004,1503
9/8/2004,7141
9/8/2004,4555
9/8/2004,3832
9/8/2004,4529
9/8/2004,4983
9/8/2004,2845
9/8/2004,2150
9/8/2004,1172
9/8/2004,2100
9/8/2004,1927
9/8/2004,2215
9/8/2004,2327
9/9/2004,8412
9/9/2004,8253
9/9/2004,4242
9/9/2004,4946
9/9/2004,2942
9/9/2004,2085
9/9/2004,1922
9/9/2004,2418
9/9/2004,2819
9/10/2004,3427
9/10/2004,3474
9/10/2004,4693
9/10/2004,3909
9/10/2004,1959
9/10/2004,2576
9/15/2004,5677
9/15/2004,4297
9/15/2004,4071
9/15/2004,3478
9/15/2004,1496
9/15/2004,2293
9/15/2004,2441
9/15/2004,1778
9/15/2004,949
9/15/2004,2023
9/15/2004,1863
9/15/2004,1672
9/15/2004,1697
9/15/2004,1259
9/16/2004,4062
9/16/2004,3987
9/16/2004,2096
9/16/2004,2857
9/16/2004,2070
9/16/2004,1666
9/16/2004,2234
9/27/2004,3757
9/27/2004,1551
9/30/2004,7947
9/30/2004,6683
9/30/2004,4157
9/30/2004,5456
9/30/2004,4382
9/30/2004,3544
9/30/2004,2587
9/30/2004,2597
9/30/2004,2182
9/30/2004,2194
9/30/2004,1014
10/6/2004,2256
10/6/2004,965
10/11/2004,10173
10/11/2004,4208
10/11/2004,6396
10/11/2004,4508
10/11/2004,3535
10/11/2004,3578
10/11/2004,4614
10/11/2004,3958
10/11/2004,3343
10/11/2004,2629
10/11/2004,1795
10/11/2004,2441
10/11/2004,1559
10/11/2004,2233
10/11/2004,1676
10/11/2004,695
10/11/2004,1734
10/13/2004,7456
10/13/2004,6681
10/13/2004,3934
10/13/2004,4641
10/13/2004,4773
10/13/2004,4816
10/13/2004,3190
10/13/2004,3155
10/13/2004,4618
10/13/2004,2783
10/13/2004,1511
10/13/2004,2193
10/13/2004,2184
10/13/2004,2316
10/14/2004,6571
10/14/2004,4983
10/14/2004,3633
10/14/2004,3601
10/14/2004,3207
10/14/2004,3489
10/14/2004,3232
10/14/2004,3516
10/14/2004,3670
10/14/2004,3759
10/14/2004,3526
10/14/2004,2700
10/14/2004,2885
10/14/2004,2083
10/14/2004,2315
10/14/2004,2052
10/14/2004,2606
10/14/2004,7380
10/14/2004,3324
10/14/2004,4167
10/14/2004,2693
10/14/2004,1884
10/14/2004,1823
10/14/2004,2587
10/14/2004,1577
10/14/2004,2011
10/15/2004,4394
10/15/2004,4660
10/15/2004,4235
10/15/2004,2651
10/15/2004,1346
10/15/2004,2483
10/15/2004,4044
10/15/2004,4570
10/15/2004,3494
10/15/2004,3286
10/15/2004,3666
10/15/2004,3106
10/15/2004,4009
10/15/2004,3038
10/15/2004,1771
10/15/2004,2971
10/15/2004,1918
10/15/2004,2235
10/15/2004,2225
10/15/2004,1831
10/15/2004,2656
10/15/2004,2051
10/16/2004,8941
10/16/2004,6935
10/16/2004,3100
10/16/2004,3989
10/16/2004,6232
10/16/2004,3448
10/16/2004,5279
10/16/2004,6266
10/16/2004,3617
10/16/2004,5357
10/16/2004,4595
10/16/2004,4236
10/16/2004,5498
10/16/2004,4753
10/16/2004,3358
10/16/2004,2505
10/16/2004,2923
10/16/2004,1833
10/16/2004,2171
10/16/2004,1675
10/16/2004,2274
10/16/2004,2219
10/16/2004,2621
10/16/2004,1383
10/16/2004,2076
10/16/2004,2164
10/16/2004,2820
10/16/2004,1550
10/21/2004,11624
10/21/2004,8078
10/21/2004,4181
10/21/2004,3843
10/21/2004,4729
10/21/2004,3881
10/21/2004,3711
10/21/2004,4457
10/21/2004,3536
10/21/2004,4885
10/21/2004,1105
10/21/2004,1835
10/21/2004,1880
10/21/2004,2217
10/21/2004,1152
10/21/2004,865
10/21/2004,1094
10/22/2004,7975
10/22/2004,6394
10/22/2004,6914
10/22/2004,5776
10/22/2004,4207
10/22/2004,4000
10/22/2004,6186
10/22/2004,3403
10/22/2004,2340
10/22/2004,1448
10/22/2004,1753
10/22/2004,2482
10/22/2004,2327
10/22/2004,2337
10/22/2004,2732
10/22/2004,6678
10/22/2004,4572
10/22/2004,3417
10/22/2004,5582
10/22/2004,2974
10/22/2004,2669
10/22/2004,1798
10/22/2004,2882
10/22/2004,2366
10/22/2004,1727
10/22/2004,1912
10/29/2004,4215
10/29/2004,3381
10/29/2004,3602
10/29/2004,2542
10/29/2004,2671
10/29/2004,2228
10/29/2004,2082
11/1/2004,7111
11/1/2004,4129
11/1/2004,4802
11/1/2004,3704
11/1/2004,3610
11/1/2004,4196
11/1/2004,3574
11/1/2004,5981
11/1/2004,6387
11/1/2004,3140
11/1/2004,4080
11/1/2004,3616
11/1/2004,2513
11/1/2004,2651
11/1/2004,2872
11/1/2004,2166
11/1/2004,2334
11/1/2004,2795
11/1/2004,2706
11/1/2004,2736
11/1/2004,1486
11/1/2004,1987
11/1/2004,2306
11/1/2004,1962
11/1/2004,1420
11/1/2004,1617
11/2/2004,7667
11/2/2004,7119
11/2/2004,4358
11/2/2004,5567
11/2/2004,6437
11/2/2004,5305
11/2/2004,3116
11/2/2004,2213
11/2/2004,2258
11/2/2004,2916
11/3/2004,6876
11/3/2004,4850
11/3/2004,3491
11/3/2004,2790
11/3/2004,1592
11/3/2004,7901
11/3/2004,3403
11/3/2004,3685
11/3/2004,4112
11/3/2004,3478
11/3/2004,2599
11/3/2004,2534
11/3/2004,1108
11/3/2004,2627
11/4/2004,12537
11/4/2004,6000
11/4/2004,5803
11/4/2004,4490
11/4/2004,3734
11/4/2004,5700
11/4/2004,4233
11/4/2004,3305
11/4/2004,4053
11/4/2004,4784
11/4/2004,3711
11/4/2004,5797
11/4/2004,3525
11/4/2004,3500
11/4/2004,2852
11/4/2004,2985
11/4/2004,2906
11/4/2004,2851
11/4/2004,2117
11/4/2004,2028
11/4/2004,2181
11/4/2004,1230
11/4/2004,1889
11/4/2004,2251
11/4/2004,2142
11/4/2004,2365
11/4/2004,1225
11/4/2004,2258
11/4/2004,2624
11/5/2004,8844
11/5/2004,3052
11/5/2004,5326
11/5/2004,5377
11/5/2004,5933
11/5/2004,6203
11/5/2004,5190
11/5/2004,3012
11/5/2004,2688
11/5/2004,2584
11/5/2004,1659
11/5/2004,7207
11/5/2004,8209
11/5/2004,3155
11/5/2004,5380
11/5/2004,3338
11/5/2004,4248
11/5/2004,3820
11/5/2004,6832
11/5/2004,6268
11/5/2004,1467
11/5/2004,1729
11/5/2004,1518
11/5/2004,1237
11/5/2004,1964
11/9/2004,4333
11/9/2004,3808
11/9/2004,4301
11/9/2004,3520
11/9/2004,2340
11/9/2004,1845
11/10/2004,4782
11/10/2004,3469
11/10/2004,3440
11/10/2004,3205
11/10/2004,3209
11/10/2004,2805
11/10/2004,1147
11/10/2004,2023
11/12/2004,4114
11/12/2004,4022
11/12/2004,4072
11/12/2004,3349
11/12/2004,4157
11/12/2004,3815
11/12/2004,2828
11/12/2004,2675
11/12/2004,2617
11/12/2004,2762
11/12/2004,2112
11/12/2004,1460
11/12/2004,1948
11/12/2004,1766
11/15/2004,3847
11/15/2004,3608
11/15/2004,4396
11/15/2004,3176
11/15/2004,5868
11/15/2004,3543
11/15/2004,5266
11/15/2004,3494
11/15/2004,3790
11/15/2004,2930
11/15/2004,2525
11/15/2004,2955
11/15/2004,2246
11/15/2004,2633
11/15/2004,2876
11/16/2004,4405
11/16/2004,6101
11/16/2004,3403
11/16/2004,2019
11/17/2004,7310
11/17/2004,3473
11/17/2004,3382
11/17/2004,4376
11/17/2004,3202
11/17/2004,3686
11/17/2004,3167
11/17/2004,1307
11/17/2004,1759
11/17/2004,1859
11/17/2004,1539
11/17/2004,1153
11/17/2004,2427
11/17/2004,2264
11/17/2004,1264
11/17/2004,2979
11/17/2004,1592
11/17/2004,2224
11/17/2004,6434
11/17/2004,4849
11/17/2004,4171
11/17/2004,3079
11/17/2004,3136
11/17/2004,5715
11/17/2004,4103
11/17/2004,5027
11/17/2004,3658
11/17/2004,3258
11/17/2004,974
11/17/2004,1687
11/17/2004,1766
11/17/2004,1140
11/18/2004,11337
11/18/2004,3003
11/18/2004,3274
11/18/2004,4424
11/18/2004,1167
11/18/2004,2432
11/18/2004,2795
11/18/2004,1917
11/19/2004,3188
11/19/2004,5815
11/19/2004,6763
11/19/2004,5528
11/19/2004,2879
11/19/2004,2087
11/19/2004,4746
11/19/2004,1225
11/19/2004,2424
11/20/2004,7461
11/20/2004,9559
11/20/2004,4059
11/20/2004,3106
11/20/2004,5972
11/20/2004,4619
11/20/2004,6373
11/20/2004,3142
11/20/2004,5778
11/20/2004,1888
11/20/2004,2230
11/20/2004,2626
11/21/2004,5679
11/21/2004,4081
11/21/2004,4498
11/21/2004,1201
11/21/2004,2087
11/21/2004,2531
11/21/2004,2771
11/21/2004,2588
11/21/2004,2297
11/22/2004,5625
11/22/2004,5526
11/22/2004,2312
11/23/2004,10758
11/23/2004,6214
11/23/2004,4361
11/23/2004,3919
11/23/2004,3718
11/23/2004,2757
11/23/2004,2990
11/23/2004,1865
11/23/2004,2279
11/23/2004,2811
11/23/2004,1064
11/23/2004,2893
11/23/2004,2060
11/23/2004,2816
11/23/2004,2891
11/23/2004,2493
11/24/2004,6454
11/24/2004,3600
11/24/2004,3161
11/24/2004,5030
11/24/2004,6548
11/24/2004,6276
11/24/2004,5014
11/24/2004,1669
11/24/2004,1576
11/24/2004,2998
11/24/2004,1455
11/24/2004,7738
11/24/2004,8119
11/24/2004,3584
11/24/2004,4221
11/24/2004,3368
11/24/2004,4136
11/24/2004,5849
11/24/2004,3735
11/24/2004,3099
11/24/2004,4399
11/24/2004,3307
11/24/2004,6483
11/24/2004,3713
11/24/2004,4682
11/24/2004,3391
11/24/2004,4826
11/24/2004,4095
11/24/2004,3644
11/24/2004,1308
11/24/2004,978
11/24/2004,2202
11/24/2004,2658
11/24/2004,2307
11/24/2004,2025
11/25/2004,7650
11/25/2004,3928
11/25/2004,1649
11/25/2004,1726
11/25/2004,2276
11/25/2004,2203
11/25/2004,704
11/25/2004,2312
11/29/2004,3945
11/29/2004,4428
11/29/2004,3586
11/29/2004,6835
11/29/2004,5885
11/29/2004,4815
11/29/2004,4814
11/29/2004,4948
11/29/2004,2083
11/29/2004,1238
11/29/2004,2209
11/29/2004,2657
11/29/2004,3326
11/29/2004,2877
11/29/2004,2094
11/29/2004,2493
11/29/2004,1517
11/29/2004,2144
12/1/2004,7397
12/1/2004,4409
12/1/2004,6720
12/1/2004,4395
12/1/2004,3183
12/1/2004,5233
12/1/2004,5223
12/1/2004,2275
12/1/2004,1337
12/1/2004,1535
12/2/2004,3527
12/2/2004,3815
12/2/2004,4406
12/2/2004,6491
12/2/2004,5191
12/2/2004,3023
12/2/2004,3021
12/2/2004,1962
12/2/2004,2794
12/2/2004,1711
12/2/2004,2924
12/2/2004,2185
12/2/2004,2398
12/2/2004,2855
12/2/2004,2244
12/2/2004,2213
12/2/2004,1509
12/3/2004,3881
12/3/2004,3375
12/3/2004,1867
12/3/2004,2019
12/3/2004,2598
12/3/2004,4935
12/3/2004,1661
12/3/2004,2579
12/3/2004,2353
12/4/2004,3734
12/4/2004,3516
12/4/2004,3147
12/4/2004,5044
12/4/2004,3302
12/4/2004,3524
12/4/2004,3288
12/4/2004,2008
12/4/2004,1780
12/7/2004,3178
12/7/2004,4204
12/7/2004,5303
12/7/2004,4327
12/7/2004,1387
12/7/2004,2748
12/7/2004,2671
12/7/2004,1658
12/7/2004,2897
12/7/2004,1514
12/9/2004,9720
12/9/2004,4197
12/9/2004,3938
12/9/2004,3630
12/9/2004,4462
12/9/2004,1747
12/9/2004,2509
12/9/2004,1593
12/9/2004,828
12/10/2004,3761
12/10/2004,5685
12/10/2004,4428
12/10/2004,5670
12/10/2004,5303
12/10/2004,6847
12/10/2004,2712
12/10/2004,2428
12/10/2004,2992
12/10/2004,2528
12/10/2004,2673
12/10/2004,2986
12/10/2004,2695
12/10/2004,728
12/10/2004,5692
12/10/2004,5781
12/10/2004,5960
12/10/2004,3822
12/10/2004,3560
12/10/2004,3572
12/10/2004,3458
12/10/2004,5161
12/10/2004,2542
12/10/2004,2604
12/15/2004,4764
12/15/2004,3042
12/15/2004,4301
12/15/2004,6359
12/15/2004,4897
12/15/2004,2625
12/15/2004,2603
12/15/2004,1623
12/17/2004,3711
12/17/2004,3186
12/17/2004,5002
12/17/2004,4277
12/17/2004,3872
12/17/2004,3544
12/17/2004,1451
12/17/2004,1330
12/17/2004,1562
12/17/2004,1211
12/17/2004,2755
12/17/2004,2190
12/17/2004,1089
12/17/2004,2725
1/5/2005,3664
1/5/2005,3877
1/5/2005,4846
1/5/2005,1142
1/6/2005,3289
1/6/2005,4069
1/6/2005,3687
1/6/2005,4143
1/6/2005,5154
1/6/2005,3596
1/6/2005,6577
1/6/2005,2818
1/6/2005,2775
1/6/2005,2774
1/6/2005,1629
1/6/2005,2448
1/6/2005,2932
1/6/2005,2852
1/6/2005,2633
1/6/2005,2317
1/7/2005,3425
1/7/2005,4984
1/7/2005,2612
1/10/2005,4208
1/10/2005,6145
1/10/2005,6276
1/12/2005,8885
1/12/2005,4808
1/12/2005,3751
1/12/2005,5018
1/12/2005,4704
1/12/2005,4196
1/12/2005,3033
1/12/2005,2759
1/12/2005,1268
1/12/2005,1463
1/12/2005,2697
1/12/2005,835
1/12/2005,857
1/19/2005,4107
1/19/2005,4223
1/19/2005,3663
1/19/2005,1992
1/19/2005,1718
1/20/2005,3911
1/20/2005,3949
1/20/2005,3160
1/20/2005,2297
1/20/2005,1535
1/20/2005,2131
1/20/2005,1668
1/20/2005,2730
1/20/2005,9240
1/20/2005,4515
1/20/2005,3156
1/20/2005,4581
1/20/2005,3289
1/20/2005,3477
1/20/2005,1238
1/20/2005,1979
1/20/2005,8470
1/23/2005,3561
1/23/2005,5546
1/23/2005,4301
1/23/2005,3449
1/23/2005,4044
1/23/2005,2602
1/23/2005,2432
1/23/2005,1409
1/23/2005,2987
1/23/2005,1750
1/23/2005,1329
1/23/2005,2714
1/26/2005,7032
1/26/2005,5862
1/26/2005,5942
1/26/2005,3911
1/26/2005,4497
1/26/2005,3863
1/26/2005,3562
1/26/2005,2118
1/26/2005,1406
1/31/2005,4046
1/31/2005,4628
1/31/2005,3276
1/31/2005,4026
1/31/2005,3979
1/31/2005,3025
1/31/2005,3036
1/31/2005,1611
1/31/2005,2677
1/31/2005,2847
1/31/2005,2503
1/31/2005,1624
1/31/2005,1908
1/31/2005,2701
1/31/2005,2884
1/31/2005,1892
1/31/2005,2394
2/2/2005,5288
2/2/2005,3834
2/2/2005,4197
2/2/2005,4329
2/2/2005,1173
2/2/2005,2909
2/3/2005,10040
2/3/2005,3420
2/3/2005,3867
2/3/2005,6353
2/3/2005,4702
2/3/2005,5407
2/3/2005,3029
2/3/2005,3857
2/3/2005,5209
2/3/2005,3619
2/3/2005,3224
2/3/2005,733
2/3/2005,2443
2/3/2005,2046
2/3/2005,1668
2/8/2005,3987
2/9/2005,7265
2/9/2005,5182
2/9/2005,5895
2/9/2005,4353
2/9/2005,1628
2/9/2005,2101
2/10/2005,5127
2/10/2005,4149
2/10/2005,3290
2/10/2005,3971
2/10/2005,5857
2/10/2005,4894
2/10/2005,4610
2/10/2005,3298
2/10/2005,5400
2/10/2005,1450
2/10/2005,2464
2/10/2005,2267
2/10/2005,1911
2/10/2005,1758
2/10/2005,1331
2/16/2005,4536
2/16/2005,3442
2/16/2005,3479
2/16/2005,3953
2/16/2005,4932
2/16/2005,3377
2/16/2005,4086
2/16/2005,1350
2/16/2005,1597
2/16/2005,2515
2/16/2005,991
2/16/2005,2258
2/16/2005,1845
2/17/2005,8255
2/17/2005,8936
2/17/2005,7827
2/17/2005,6232
2/17/2005,3824
2/17/2005,4072
2/17/2005,3242
2/17/2005,4704
2/17/2005,4891
2/17/2005,6800
2/17/2005,4320
2/17/2005,4288
2/17/2005,4593
2/17/2005,2200
2/17/2005,1865
2/17/2005,2952
2/17/2005,2131
2/17/2005,1702
2/17/2005,2654
2/17/2005,2708
2/17/2005,1321
2/17/2005,2723
2/22/2005,6869
2/22/2005,5341
2/22/2005,6090
2/22/2005,3340
2/22/2005,3844
2/22/2005,3087
2/22/2005,2019
2/22/2005,1972
2/22/2005,1587
2/22/2005,2282
2/22/2005,1702
2/22/2005,1476
2/22/2005,1640
2/23/2005,4847
2/23/2005,6397
2/23/2005,4208
2/23/2005,2255
2/28/2005,3165
2/28/2005,1934
3/1/2005,3006
3/1/2005,3167
3/1/2005,3102
3/1/2005,3019
3/1/2005,3802
3/1/2005,4358
3/1/2005,3441
3/1/2005,5018
3/1/2005,4144
3/1/2005,5418
3/1/2005,1364
3/1/2005,1570
3/1/2005,1376
3/1/2005,2182
3/1/2005,2487
3/1/2005,2864
3/1/2005,1266
3/1/2005,2232
3/2/2005,4176
3/3/2005,5244
3/3/2005,3882
3/3/2005,6981
3/3/2005,4598
3/3/2005,3989
3/3/2005,2575
3/3/2005,1810
3/3/2005,2529
3/3/2005,10067
3/3/2005,7155
3/3/2005,3207
3/3/2005,5951
3/3/2005,3919
3/3/2005,3211
3/3/2005,2226
3/3/2005,1822
3/4/2005,7397
3/4/2005,3376
3/4/2005,5492
3/4/2005,6863
3/4/2005,4895
3/4/2005,6763
3/4/2005,5080
3/4/2005,3491
3/4/2005,3069
3/4/2005,1464
3/4/2005,2431
3/4/2005,2473
3/4/2005,2280
3/4/2005,1827
3/4/2005,2204
3/4/2005,2031
3/9/2005,5549
3/9/2005,4998
3/9/2005,4042
3/9/2005,2417
3/9/2005,1735
3/9/2005,2465
3/9/2005,2468
3/9/2005,1694
3/9/2005,1448
3/9/2005,8345
3/10/2005,4036
3/10/2005,2219
3/10/2005,2521
3/15/2005,3353
3/15/2005,6377
3/15/2005,5208
3/15/2005,1559
3/15/2005,1789
3/15/2005,1808
3/15/2005,2260
3/17/2005,8977
3/17/2005,3371
3/17/2005,5693
3/17/2005,2281
3/23/2005,6109
3/23/2005,5721
3/23/2005,5274
3/23/2005,4739
3/23/2005,3351
3/23/2005,2600
3/23/2005,2154
3/23/2005,2246
3/28/2005,5193
3/28/2005,3790
3/28/2005,2578
3/28/2005,1463
3/28/2005,2116
3/30/2005,4215
3/30/2005,5552
3/30/2005,3521
3/30/2005,4121
3/30/2005,3145
3/30/2005,3910
3/30/2005,4812
3/30/2005,2614
3/30/2005,1611
3/30/2005,2798
3/30/2005,1909
3/30/2005,2811
3/30/2005,1902
3/30/2005,1367
3/30/2005,2023
3/30/2005,2437
3/30/2005,1483
3/30/2005,1796
4/1/2005,9661
4/1/2005,7307
4/1/2005,6434
4/1/2005,4039
4/1/2005,3064
4/1/2005,1480
4/1/2005,1122
4/1/2005,2245
4/1/2005,2174
4/3/2005,7544
4/3/2005,7084
4/3/2005,4993
4/3/2005,3193
4/3/2005,3659
4/3/2005,3843
4/3/2005,4219
4/3/2005,4819
4/3/2005,1135
4/3/2005,2018
4/3/2005,2031
4/3/2005,1980
4/7/2005,5834
4/7/2005,3065
4/7/2005,5168
4/8/2005,11887
4/8/2005,8649
4/8/2005,5288
4/8/2005,5189
4/8/2005,2435
4/8/2005,1880
4/8/2005,2151
4/8/2005,1207
4/8/2005,2119
4/14/2005,9048
4/14/2005,8289
4/14/2005,11740
4/14/2005,4509
4/14/2005,2094
4/15/2005,8375
4/15/2005,7169
4/15/2005,10469
4/22/2005,554
4/22/2005,7048
4/22/2005,7182
4/22/2005,14083
4/22/2005,6386
4/22/2005,4421
4/22/2005,5820
4/22/2005,3729
4/22/2005,3051
4/22/2005,1987
4/22/2005,2576
4/22/2005,1057
4/22/2005,541
4/23/2005,786
4/23/2005,1802
5/1/2005,4140
5/1/2005,4428
5/1/2005,3577
5/1/2005,6232
5/1/2005,3213
5/1/2005,5236
5/1/2005,2905
5/1/2005,1867
5/1/2005,2095
5/3/2005,11888
5/3/2005,8498
5/3/2005,6713
5/3/2005,4253
5/3/2005,5951
5/3/2005,5498
5/3/2005,3461
5/3/2005,1105
5/3/2005,1082
5/3/2005,2914
5/3/2005,925
5/5/2005,8678
5/5/2005,8237
5/5/2005,3388
5/5/2005,6897
5/5/2005,3256
5/5/2005,1193
5/6/2005,3255
5/6/2005,3335
5/6/2005,3534
5/6/2005,3029
5/6/2005,3079
5/6/2005,5808
5/6/2005,4872
5/6/2005,6107
5/6/2005,3892
5/6/2005,2765
5/6/2005,2640
5/6/2005,2353
5/6/2005,2440
5/6/2005,1208
5/9/2005,3070
5/9/2005,6209
5/9/2005,1424
5/9/2005,2420
5/9/2005,1255
5/10/2005,4765
5/10/2005,4352
5/10/2005,4166
5/10/2005,3582
5/10/2005,5643
5/10/2005,2803
5/10/2005,1483
5/10/2005,1351
5/10/2005,2101
5/10/2005,2457
5/10/2005,2621
5/10/2005,2674
5/10/2005,1592
5/10/2005,1921
5/13/2005,7516
5/13/2005,9218
5/13/2005,5887
5/13/2005,3448
5/13/2005,3550
5/13/2005,2202
5/17/2005,7696
5/17/2005,9240
5/17/2005,3066
5/17/2005,3833
5/17/2005,4464
5/17/2005,5203
5/17/2005,3273
5/17/2005,4595
5/17/2005,5927
5/17/2005,5589
5/17/2005,1961
5/17/2005,1092
5/17/2005,640
5/17/2005,2896
5/29/2005,3880
5/29/2005,3934
5/29/2005,5297
5/29/2005,3386
5/29/2005,5284
5/29/2005,4977
5/29/2005,6135
5/29/2005,2078
5/29/2005,2234
5/29/2005,2617
5/29/2005,2289
5/29/2005,1210
5/29/2005,652
5/29/2005,5434
5/29/2005,1828
5/30/2005,881
5/30/2005,1665
5/30/2005,1781
5/30/2005,1875
5/30/2005,2209
5/30/2005,4873
5/30/2005,1294
5/31/2005,12001
5/31/2005,7969
5/31/2005,7182
5/31/2005,5895
5/31/2005,5318
5/31/2005,3793
5/31/2005,3722
5/31/2005,4693
5/31/2005,3778
5/31/2005,4325
5/31/2005,5511
5/31/2005,3554
5/31/2005,2575
5/31/2005,1030
5/31/2005,935
5/31/2005,482
5/31/2005,2702
5/31/2005,1896
5/31/2005,1557
